@misc{Picture_Raspberrypi3b,
AUTHOR = "{Elektronik-kompendium}", 
NOTE = "\url{http://www.elektronik-kompendium.de/sites/raspberry-pi/bilder/19052512.jpg} [aufgerufen am 25.11.2020]",
year = "2020"
}

@misc{Picture_touchdisplay,
AUTHOR = "{Reichelt}", 
NOTE = "\url{https://cdn-reichelt.de/bilder/web/artikel_ws/A300/TFTV2.jpg} [aufgerufen am 26.11.2020]",
year = "2020"
}

@misc{Quote_hostapd1,
AUTHOR = "{Gentoo}", 
NOTE = "\url{https://wiki.gentoo.org/wiki/Hostapd#Capabilities_of_Hostapd} [aufgerufen am 26.11.2020]",
year = "2020"
}

@misc{Quote_Secrets,
AUTHOR = "{Python Software Foundation}", 
NOTE = "\url{https://docs.python.org/3/library/secrets.html} [aufgerufen am 27.11.2020]",
year = "2020"
}